@article{p.research,
  organization = "Precedence Research",
  title = "Cloud Computing Market",
  publisher = "Precedence Research",
  year = "2023",
  note = "Data dostępu: 20 Styczeń 2024",
}

@article{mod.driv.arch.symf,
  author = "Rahmouni, M'hamed AND Talbi, Chaymae AND Ziti, Soumia",
  title = "Model-driven architecture; generating models from Symfony",
  year = "2023",
  note = "Data dostępu: 6 Kwiecień 2024",
}

@book{symf.5,
  author = "Potencier, Fabien",
  title = "Symfony 5: The Fast Track",
  year = "2020",
  note = "Data dostępu: 6 Kwiecień 2024",
}

@inproceedings {fixtures,
  author = "da Silva, L. AND Vilain, P.",
  title = "Execution and code reuse between test classes",
  year = "2016",
  pages = "99-106",
  url = "https://doi.ieeecomputersociety.org/10.1109/SERA.2016.7516134",
  publisher = "IEEE Computer Society",
  address = "Los Alamitos, CA, USA",
  month = "Czerwiec",
  note = "Data dostępu: 11 Kwiecień 2024"
}

